@misc{UML:ref,
    Author = {{Kirill Fakhroutdinov}},
    Title = {{\textbf{UML-Diagrams | Reference}}},
    note = {\textsc{url}: \url{https://www.uml-diagrams.org/}},
}

@article{STANDARD,
	Author = {Software \& Systems Engineering Standards Committee of the IEEE Computer Society},
	Company = {IEEE},
	Title = {\textbf{IEEE Standard for Information Technology—Systems Design — Software Design Descriptions}},
	Year = {2009-07-20},
	note = {IEEE Std 1016TM-2009, revision of IEEE Std 1016-1998},
}
