@misc{Solar:Radiation,
    Author = {{The Woods Hole Oceanographic Institution}},
    Title = {{\textbf{Solar Radiation}}},
    note = {\textsc{url}: \url{https://www.whoi.edu/science/AOPE/mvco/description/SolRad.html}},
}

@TechReport{OSMKTSH,
  author = 	 {-},
  title = 	 {\textbf{Mobile Operating Systems market share}},
  institution =  {{Statcounter}},
  year = 	 {2020},
  note = {\textsc{url}: \url{https://gs.statcounter.com/os-market-share/mobile/worldwide}},
}

@TechReport{FEDERDISTR,
  author = 	 {FederDistribuzione},
  title = 	 {\textbf{Mappa delle aziende di distribuzione, Italia}},
  institution =  {{FEDERDISTRIBUZIONE MILANO}},
  year = 	 {2020},
  note = {\textsc{url}: \url{https://www.federdistribuzione.it/mappa-distributiva/}},
}

@article{STANDARD,
	Author = {Software \& Systems Engineering Standards Committee of the IEEE Computer Society},
	Company = {IEEE},
	Title = {\textbf{ISO/IEC/IEEE 29148:2011(E), Systems and software engineering — Life cycle processes — Requirements engineering}},
	Year = {2011-12-11},
	note = {\textsc{url}: \url{https://ieeexplore.ieee.org/document/8559686}},
}

@misc{Alloy:Docs,
    Author = {{The MIT Software Design Group}},
    Title = {{\textbf{Alloy Documentation \& Reference}}},
    note = {\textsc{url}: \url{https://alloytools.org/documentation.html}},
    year= {2020}
}
	
